@article{ho2014dynamic,
  title={Dynamic modeling and optimization for space logistics using time-expanded networks},
  author={Ho, Koki and de Weck, Olivier L and Hoffman, Jeffrey A and Shishko, Robert},
  journal={Acta Astronautica},
  volume={105},
  number={2},
  pages={428--443},
  year={2014},
  publisher={Elsevier}
}

@inproceedings{NRC2014,
  title={Pathways to Exploration - Rationales and Approaches for a U.S. Program of Human Space Exploration},
  author={{Committee on Human Spaceflight}},
  booktitle={National Research Council},
  publisher={National Academies Press},
  year={2014},
}

@inproceedings{craig2015pioneering,
  title={Pioneering Space Through the Evolvable Mars Campaign},
  author={Craig, Douglas A and Troutman, Patrick and Herrmann, Nicole},
  booktitle={AIAA SPACE 2015 Conference and Exposition},
  pages={4409},
  year={2015}
}

@inproceedings{ward2015,
  title={A Method to Evaluate Architectural Comparisons for a Campaign to Explore the Surface of Mars},
  author={{Eric D. Ward} and {Ryan R. Webb}},
  booktitle={International Astronautical Congress},
  year={2015}
}

@article{smaling2007,
  title={Assessing Risks and Opportunities of Technology Infusion in System Design},
  author={Smaling R.}, {deWeck O.}},
  journal={Systems Engineering},
  year={2007},
  volume={10},
  issue={1},
  pages={1-25}
}

@inproceedings{jones2015estimating,
  title={Estimating the Life Cycle Cost of Space Systems},
  author={Jones, Harry W},
  year={2015},
  organization={45th International Conference on Environmental Systems}
}

@book{larson1999human,
  title={Human spaceflight: mission analysis and design},
  author={Larson, Wiley J and Pranke, Linda K},
  year={1999},
  publisher={McGraw-Hill Companies}
}

@book{cole2013technology,
  title={Technology Estimating: A Process to Determine the Cost and Schedule of Space Technology Research and Development},
  author={Cole, Stuart K and Reeves, John D and Williams-Byrd, Julie A and Greenberg, Marc and Comstock, Doug and Olds, John R and Wallace, Jon and DePasquale, Dominic and Schaffer, Mark},
  year={2013},
  publisher={NASA}
}

@inproceedings{drake2010human,
  title={Human exploration of Mars, design reference architecture 5.0},
  author={Drake, Bret G and Hoffman, Stephen J and Beaty, David W},
  booktitle={Aerospace Conference, 2010 IEEE},
  pages={1--24},
  year={2010},
  organization={IEEE}
}

@online{lafleur2010costs,
  author = {Lafleur, C},
  title = {Costs of US piloted programs},
  year = 2010,
  url = {http://www.thespacereview.com/article/1579/1},
  urldate = {2016-05-08}
}

@book{nasa2015handbook,
  title={NASA Cost Estimating Handbook (4th ed.)},
  author={NASA},
  year={2015},
  publisher={NASA}
}

@book{nasa2015techroadmap,
  title={NASA Technology Roadmaps. TA-2: In-Space Propulsion Technologies},
  author={NASA},
  year={2015},
  publisher={NASA}
}

@book{stine2008crs,
  title={The Manhattan Project, the Apollo Program, and Federal Energy Technology R&D Programs: A Comparative Analysis},
  author={Stine, D.~D.},
  year={2008},
  publisher={Congressional Research Service}
}